<?xml version="1.0" encoding="UTF-8"?><collection xmlns="http://www.loc.gov/MARC21/slim"><record><leader>00489nam--2200181-u-4500</leader><controlfield tag="001">000051297</controlfield><controlfield tag="002">20161230</controlfield><controlfield tag="005">20170208132812</controlfield><controlfield tag="008">080616s1000------------r-----000-0-eng-d</controlfield><datafield ind1=" " ind2=" " tag="040"><subfield code="a">IFIN-HH</subfield></datafield><datafield ind1=" " ind2=" " tag="080"><subfield code="a">514.747.2</subfield></datafield><datafield ind1="1" ind2=" " tag="100"><subfield code="a">Venkova, A. B</subfield><subfield code="e">Red</subfield></datafield><datafield ind1="1" ind2="0" tag="245"><subfield code="a">Differentsialnaya Geometriya, Gruppy Li i Mekhanika</subfield></datafield><datafield ind1=" " ind2=" " tag="260"><subfield code="a">Leningrad</subfield><subfield code="b">Nauka</subfield><subfield code="c">1984</subfield></datafield><datafield ind1=" " ind2=" " tag="300"><subfield code="a">311 p</subfield></datafield><datafield ind1=" " ind2=" " tag="490"><subfield code="a">Zapiski Nauchnykh Seminarov Lomi</subfield><subfield code="v">Tom VI</subfield></datafield><datafield ind1=" " ind2=" " tag="852"><subfield code="a">70299</subfield><subfield code="c">515/516</subfield></datafield><datafield ind1=" " ind2=" " tag="CAT"><subfield code="a">SYS</subfield><subfield code="c">20170208</subfield><subfield code="h">132812</subfield></datafield></record></collection>